% This file was created with JabRef 2.10.
% Encoding: Cp1252


@article{bentley,
  title={Programming pearls: little languages},
  author={Bentley, Jon},
  journal={Communications of the ACM},
  number={8},
  volume={29},
  pages={711-721},
  year={1986},
  publisher={ACM},    
  url={https://dl.acm.org/citation.cfm?id=315691},

}
@article{portarianr9,
  title={PORTARIA NORMATIVA Nº18, DE 11 DE OUTUBRO DE 2012.},
  author={MEC, Ministério da Educação},
  journal={Diário Oficial da União},
  pages={16-17},
  year={2012},
  url={http://sisugestao.mec.gov.br/docs/portaria-18-2012.pdf}

}


@misc{sitemec,
  title = {Entenda as cotas para quem estudou todo o ensino médio em escolas públicas},
  url = {http://portal.mec.gov.br/cotas/},
  urlaccessdate = {30 ago. 2019},
  author={MEC, Ministério da Educação},
  note = {Acessado: 30 ago. 2019},
  address={Brasília},
  year={2018},
  publisher={Ministério da Educação}
}
@misc{leicotas,
  title = {LEI Nº 12.711, DE 29 DE AGOSTO DE 2012.},
  url = {http://www.planalto.gov.br/ccivil_03/_ato2011-2014/2012/lei/l12711.htm},
  urlaccessdate = {22 ago. 2019},
  author={BRASIL},
  note = {Acessado: 22 ago. 2019},
  address={Brasília},
  year={2012},
  publisher={Congresso Nacional}
}

@misc{leicotas2,
  title = {LEI Nº 13.409, DE 28 DE DEZEMBRO DE 2016.},
  url = {http://www.planalto.gov.br/ccivil_03/_Ato2015-2018/2016/Lei/L13409.htm},
  urlaccessdate = {30 ago. 2019},
  author={BRASIL},
  note = {Acessado: 30 ago. 2019},
  address={Brasília},
  year={2016},
  publisher={Congresso Nacional}
}

@article{fowler2005language,
  title={Language workbenches: The killer-app for domain specific languages},
  author={Fowler, Martin},
  year={2005},
  url = {https://martinfowler.com/articles/languageWorkbench.html},
  urlaccessdate = {12 set. 2019},
}

@inproceedings{eysholdt2010xtext,
  title={Xtext: implement your language faster than the quick and dirty way},
  author={Eysholdt, Moritz and Behrens, Heiko},
  booktitle={Proceedings of the ACM international conference companion on Object oriented programming systems languages and applications companion},
  pages={307--309},
  year={2010},
  organization={ACM},
  url={https://dl.acm.org/citation.cfm?id=1869625},
  urlaccessdate = {12 set. 2019},
}


@inproceedings{simonyi2006intentional,
  title={Intentional software},
  author={Simonyi, Charles and Christerson, Magnus and Clifford, Shane},
  booktitle={ACM SIGPLAN Notices},
  volume={41},
  number={10},
  pages={451--464},
  year={2006},
  organization={ACM},
  url={https://dl.acm.org/citation.cfm?id=1167511},
  urlaccessdate = {12 set. 2019}
  
}

@article{kats2010spoofax,
  title={The spoofax language workbench: rules for declarative specification of languages and IDEs},
  author={Kats, Lennart CL and Visser, Eelco},
  journal={ACM sigplan notices},
  volume={45},
  number={10},
  pages={444--463},
  year={2010},
  publisher={ACM},
  url={https://dl.acm.org/citation.cfm?id=1869497},
  urlaccessdate = {12 set. 2019}
}

@misc{xtextsite,
  title = {XText 15 Minutes Tutorial},
  url = {https://www.eclipse.org/Xtext/documentation/102_domainmodelwalkthrough.html},
  urlaccessdate = {12 set. 2019},
  author={XText},
  note = {Acessado: 12 set. 2019},
  year={2019}
}
@misc{catalogoifsc,
  title = {Catálogo de Serviços de TIC},
  url = {https://dtic.ifsc.edu.br/servicos-de-tic/},
  urlaccessdate = {22 ago. 2019},
  author={Primao, Pacheco, Aline},
  note = {Acessado: 22 ago. 2019},
  address={Florianópolis},
  year={2019},
  publisher={Instituto Federal de Santa Catarina}
}
  @inproceedings{novak2010easy,
  title={Easy implementation of domain specific language using xml},
  author={Nov{\'a}k, Marek},
  booktitle={10th Scientific Conference of Young Researchers (SCYR 2010)},
  url = {https://www.researchgate.net/publication/228458637_Easy_Implementation_of_Domain_Specific_Language_using_XML},
  urlaccessdate = {06 set. 2019},
  year={2010}
}

  @book{voelter2014generic,
  title={Generic tools, specific languages},
  author={Voelter, Markus},
  year={2014},
  publisher={Citeseer},
  url={http://voelter.de/data/books/GenericToolsSpecificLanguages-1.0-web.pdf},
  isbn={9781500359430},
  urlaccessdate = {10 set. 2019}
}

@article{volter2011language,
  title={Language and IDE modularization, extension and composition with MPS},
  author={Volter, Markus},
  journal={Generative and Transformational Techniques in Software Engineering},
  volume={124},
  year={2011},
  url={https://voelter.de/data/pub/Voelter-GTTSE-MPS.pdf},
  urlaccessdate = {13 set. 2019}
}


@misc{martinfowlerprojectionalediting,
    title={ProjectionalEditing},
    url={https://martinfowler.com/bliki/ProjectionalEditing.html},
    publisher={dslbook. org},
    author={Fowler, Martin},
    year={2008},
    urlaccessdate = {03 set. 2019}
}

 @book{dslengineering,
  title={DSL engineering: Designing, implementing and using domain-specific languages},
  author={Voelter, Markus and Benz, Sebastian and Dietrich, Christian and Engelmann, Birgit and Helander, Mats and Kats, Lennart CL and Visser, Eelco and Wachsmuth, Guido},
  year={2013},
  publisher={dslbook. org},
  isbn={9781481218580},
  url={http://voelter.de/dslbook/markusvoelter-dslengineering-1.0.pdf},
}

   
 @book{kernelif,
  title={The Design, Evolution, and Use of KernelF},
  author={Voelter, Markus},
  isbn={9783319933160},
  abnt-doi={https://doi.org/10.1007/978-3-319-93317-7\_1},
  year={2018},
  url= {https://link.springer.com/chapter/10.1007%2F978-3-319-93317-7_1},
  publisher={Springer, Cham}
}
 @article{spinellis2001notable,
  title={Notable design patterns for domain-specific languages},
  author={Spinellis, Diomidis},
  journal={Journal of systems and software},
  volume={56},
  number={1},
  pages={91--99},
  year={2001},
  publisher={Elsevier}
}

@article{ghosh2011dsl,
  title={DSL for the uninitiated},
  author={Ghosh, Debasish},
  journal={Communications of the ACM},
  volume={54},
  number={7},
  pages={44--50},
  year={2011},
  publisher={ACM},
  url={https://homepages.dcc.ufmg.br/~mtov/arqsw/p44-ghosh.pdf},
  urlaccessdate = {03 set. 2019}
}


@article{mernik2005and,
  title={When and how to develop domain-specific languages},
  author={Mernik, Marjan and Heering, Jan and Sloane, Anthony M},
  journal={ACM computing surveys (CSUR)},
  volume={37},
  number={4},
  pages={316--344},
  year={2005},
  publisher={ACM},
  url={https://dl.acm.org/citation.cfm?doid=1118890.1118892},
  urlaccessdate = {03 set. 2019}
}

@book{wexelblat,
  title={History of Programming Languages},
  author={Wexelblat, L., Richard},
  isbn={0127450408},
  url={https://dl.acm.org/citation.cfm?id=800025},
  year={1981},
  pages={594},
  publisher={Academic Press Inc}
}
   
    
@book{verificationbusinessrules,
  title={Verification of Business Rules Programs},
  author={Berstel, Silva, Bruno},
  isbn={9783642400384},
  lccn={2013952961},
  url={https://www.springer.com/br/book/9783642400377},
  year={2013},
  publisher={Springer}
}

@article{flexiblerules,
  title={Towards a flexible deployment of business rules},
  author={Chris, Wild and Daniela, Rosca},
  journal={Expert Systems with Applications},
  number={23},
  pages={385-394},
  year={2002},
  publisher={Elsevier}
}



@INPROCEEDINGS{bruno:2015,
author={B. I. F. Maciel and S. G. T. C. Santos and R. S. M. Barros},
booktitle={Tools with Artificial Intelligence (ICTAI), 2015 IEEE 27th International Conference on},
title={A Lightweight Concept Drift Detection Ensemble},
year={2015},
pages={1061-1068},
doi={10.1109/ICTAI.2015.151},
ISSN={1082-3409},
month={Nov}
}


@book{hodges_alan_1983,
	address = {New York},
	title = {Alan {Turing}: the enigma},
	isbn = {978-0-671-49207-6 978-0-671-52809-6},
	shorttitle = {Alan {Turing}},
	language = {English},
	publisher = {Simon and Schuster},
	author = {Hodges, Andrew},
	year = {1983},
}


@article{silva2005pesquisa,
  title={pesquisa e elabora{\c{c}}{\~a}o de disserta{\c{c}}{\~a}o/Edna L{\'u}cia da Silva, Estera Muszkat Menezes.--4. ed. rev. atual},
  author={Silva, Edna L{\'u}cia da Metodologia da},
  journal={Florian{\'o}polis: UFSC},
  pages={138},
  year={2005}
}

@book{gil2002elaborar,
  title={Como elaborar projetos de pesquisa},
  author={Gil, Antonio Carlos},
  volume={4},
  year={2002},
  publisher={Atlas S{\~a}o Paulo}
}

@article{nielsen2012many,
  title={How many test users in a usability study},
  author={Nielsen, Jakob},
  journal={Nielsen Norman Group},
  volume={4},
  number={06},
  year={2012}
}

@article{kateMoran2018,
  title={Writing Tasks for Quantitative and Qualitative Usability Studies},
  author={Moran, Kate},
  journal={Nielsen Norman Group},
  year={2018},
  url={https://www.nngroup.com/articles/test-tasks-quant-qualitative/},
  urlaccessdate = {17 mai. 2020}
}

@article{springbootreference,
  title={Spring Boot Reference Guide},
  author={Webb, Phillip and others},
  year={2018},
  url={https://leon-wtf.github.io/doc/spring-boot-reference.pdf},
  urlaccessdate = {19 mai. 2020}
}

@article{jetbrains,
  title={MPS Editor cookbook},
  author={MPS JetBrains},
  journal={Jetbrains MPS User's Guide},
  url={https://www.jetbrains.com/help/mps/},
  year={2019},
  urlaccessdate = {21 mai. 2020}
}

@article{mbeddr,
  title={Engineering the future of embedded software},
  author={Team Itemis},
  journal={The website of mbeddr},
  url={http://mbeddr.com/},
  year={2020},
  urlaccessdate = {24 mai. 2020}
}

@book{campagne2014mps,
  title={The MPS language workbench: volume I},
  author={Campagne, Fabien},
  volume={1},
  year={2014},
  publisher={Fabien Campagne}
}

@book{walls2016spring,
  title={Spring Boot in action},
  author={Walls, Craig},
  year={2016},
  publisher={Manning Publications},
  url={https://www.nitinagrawal.com/uploads/2/1/3/6/21361954/spring_boot_in_action.pdf},
  urlaccessdate = {26 mai. 2020}
}


@inproceedings{voelter2014supporting,
  title={Supporting Diverse Notations in MPS'Projectional Editor.},
  author={Voelter, Markus and Lisson, Sascha},
  year={2014},
  url={https://hal.inria.fr/hal-01074602/document/#page=12},
  urlaccessdate = {27 mai. 2020}
}

@article{poltronieri2018usability,
  title={Usability evaluation framework for domain-specific language: a focus group study},
  author={Poltronieri, Ildevana and Zorzo, Avelino Francisco and Bernardino, Maicon and de Borba Campos, Marcia},
  journal={ACM SIGAPP Applied Computing Review},
  volume={18},
  number={3},
  year={2018},
  publisher={ACM New York, NY, USA},
  url={https://dl.acm.org/doi/pdf/10.1145/3284971.3284973},
  urlaccessdate = {01 jun. 2020}
  
}

@book{aveiro2014advances,
  title={Advances in Enterprise Engineering XIII: 9th Enterprise Engineering Working Conference, EEWC 2014, Funchal, Madeira Island, Portugal, May 5-8, 2014, Proceedings},
  author={Aveiro, David and Tribolet, Jos{\'e} and Gouveia, Duarte},
  volume={174},
  year={2014},
  publisher={Springer}
}

@inbook{legallanguage,
author = {Soares, Ambrósio and Martins, Paula and Silva, Alberto},
year = {2020},
month = {01},
title = {LegalLanguage: A Domain-Specific Language for Legal Contexts},
isbn = {978-3-030-37932-2},
doi = {10.1007/978-3-030-37933-9_3}
}

@book{tahawalid2009,
author = {Taha, Walid},
year = {2009},
month = {01},
title = {Domain-Specific Languages, IFIP TC 2 Working Conference, DSL 2009, Oxford, UK, July 15-17, 2009, Proceedings},
journal = {Lecture Notes in Computer Science},
doi = {10.1007/978-3-642-03034-5}
}